<record><leader>00000cas a2200000I  4500</leader><controlfield tag="001">8144414</controlfield><controlfield tag="008">820210d194519uuvaumr n       0    0eng d</controlfield><datafield ind1=" " ind2=" " tag="010"><subfield code="a">sn 94060158 </subfield></datafield><datafield ind1=" " ind2=" " tag="040"><subfield code="a">VIC</subfield><subfield code="b">eng</subfield><subfield code="c">VIC</subfield><subfield code="d">NVK</subfield><subfield code="d">OCL</subfield><subfield code="d">OCLCQ</subfield><subfield code="d">OCLCF</subfield><subfield code="d">OCLCO</subfield></datafield><datafield ind1=" " ind2=" " tag="043"><subfield code="a">n-us-va</subfield></datafield><datafield ind1=" " ind2=" " tag="090"><subfield code="a">D570.A13</subfield><subfield code="b">R52</subfield></datafield><datafield ind1="0" ind2="0" tag="245"><subfield code="a">Post 200, American Legion.</subfield></datafield><datafield ind1=" " ind2=" " tag="260"><subfield code="a">Richmond [Va. :</subfield><subfield code="b">s.n.],</subfield></datafield><datafield ind1=" " ind2=" " tag="300"><subfield code="a">v.</subfield></datafield><datafield ind1=" " ind2=" " tag="310"><subfield code="a">Monthly</subfield></datafield><datafield ind1="0" ind2=" " tag="362"><subfield code="a">v. 1, no. 1 (June 1945)-</subfield></datafield><datafield ind1=" " ind2="0" tag="651"><subfield code="a">Richmond (Va.)</subfield><subfield code="v">Newspapers.</subfield></datafield><datafield ind1=" " ind2="7" tag="655"><subfield code="a">Newspapers.</subfield><subfield code="2">fast</subfield><subfield code="0">(OCoLC)fst01423814</subfield></datafield><datafield ind1=" " ind2="7" tag="651"><subfield code="a">Virginia</subfield><subfield code="z">Richmond.</subfield><subfield code="2">fast</subfield><subfield code="0">(OCoLC)fst01205345</subfield></datafield><datafield ind1=" " ind2=" " tag="752"><subfield code="a">United States</subfield><subfield code="b">Virginia</subfield><subfield code="d">Richmond.</subfield></datafield></record>